@ARTICLE{joudaki/etal:2016,
   author = {{Joudaki}, S. and {Blake}, C. and {Heymans}, C. and {Choi}, A. and 
	{Harnois-Deraps}, J. and {Hildebrandt}, H. and {Joachimi}, B. and 
	{Johnson}, A. and {Mead}, A. and {Parkinson}, D. and {Viola}, M. and 
	{van Waerbeke}, L.},
    title = "{CFHTLenS revisited: assessing concordance with Planck including astrophysical systematics}",
  journal = {ArXiv e-prints, 1601.05786},
archivePrefix = "arXiv",
   eprint = {1601.05786},
 keywords = {Astrophysics - Cosmology and Nongalactic Astrophysics},
     year = 2016,
    month = jan,
   adsurl = {http://adsabs.harvard.edu/abs/2016arXiv160105786J},
  adsnote = {Provided by the SAO/NASA Astrophysics Data System}
}

@ARTICLE{joudaki/etal:2017,
   author = {{Joudaki}, S. and {Mead}, A. and {Blake}, C. and {Choi}, A. and 
	{de Jong}, J. and {Erben}, T. and {Heymans}, C. and {Hildebrandt}, H. and 
	{Hoekstra}, H. and {Joachimi}, B. and {Klaes}, D. and {K{\"o}hlinger}, F. and 
	{Kuijken}, K. and {McFarland}, J. and {Miller}, L. and {Schneider}, P. and 
	{Viola}, M.},
    title = "{KiDS-450: Testing extensions to the standard cosmological model}",
  journal = {ArXiv e-prints, 1610.04606},
archivePrefix = "arXiv",
   eprint = {1610.04606},
 keywords = {Astrophysics - Cosmology and Nongalactic Astrophysics},
     year = 2016,
    month = oct,
   adsurl = {http://adsabs.harvard.edu/abs/2016arXiv161004606J},
  adsnote = {Provided by the SAO/NASA Astrophysics Data System}
}


@ARTICLE{choi/etal:2016,
   author = {{Choi}, A. and {Heymans}, C. and {Blake}, C. and {Hildebrandt}, H. and 
	{Duncan}, C.~A.~J. and {Erben}, T. and {Nakajima}, R. and {Van Waerbeke}, L. and 
	{Viola}, M.},
    title = "{CFHTLenS and RCSLenS: testing photometric redshift distributions using angular cross-correlations with spectroscopic galaxy surveys}",
  journal = {\mnras},
archivePrefix = "arXiv",
   eprint = {1512.03626},
 keywords = {gravitational lensing: weak, methods: analytical, techniques: photometric, surveys, galaxies: distances and redshifts},
     year = 2016,
    month = dec,
   volume = 463,
    pages = {3737-3754},
      doi = {10.1093/mnras/stw2241},
   adsurl = {http://adsabs.harvard.edu/abs/2016MNRAS.463.3737C},
  adsnote = {Provided by the SAO/NASA Astrophysics Data System}
}


@ARTICLE{kitching/etal:2016,
   author = {{Kitching}, T.~D. and {Alsing}, J. and {Heavens}, A.~F. and 
	{Jimenez}, R. and {McEwen}, J.~D. and {Verde}, L.},
    title = "{The Limits of Cosmic Shear}",
  journal = {ArXiv e-prints},
archivePrefix = "arXiv",
   eprint = {1611.04954},
 keywords = {Astrophysics - Cosmology and Nongalactic Astrophysics},
     year = 2016,
    month = nov,
   adsurl = {http://adsabs.harvard.edu/abs/2016arXiv161104954K},
  adsnote = {Provided by the SAO/NASA Astrophysics Data System}
}


@ARTICLE{kilbinger/etal:2013,
   author = {{Kilbinger}, M. and {Fu}, L. and {Heymans}, C. and {Simpson}, F. and 
	{Benjamin}, J. and {Erben}, T. and {Harnois-D{\'e}raps}, J. and 
	{Hoekstra}, H. and {Hildebrandt}, H. and {Kitching}, T.~D. and 
	{Mellier}, Y. and {Miller}, L. and {Van Waerbeke}, L. and {Benabed}, K. and 
	{Bonnett}, C. and {Coupon}, J. and {Hudson}, M.~J. and {Kuijken}, K. and 
	{Rowe}, B. and {Schrabback}, T. and {Semboloni}, E. and {Vafaei}, S. and 
	{Velander}, M.},
    title = "{CFHTLenS: combined probe cosmological model comparison using 2D weak gravitational lensing}",
  journal = {\mnras},
archivePrefix = "arXiv",
   eprint = {1212.3338},
 primaryClass = "astro-ph.CO",
 keywords = {methods: statistical, cosmological parameters},
     year = 2013,
    month = apr,
   volume = 430,
    pages = {2200-2220},
      doi = {10.1093/mnras/stt041},
   adsurl = {http://adsabs.harvard.edu/abs/2013MNRAS.430.2200K},
  adsnote = {Provided by the SAO/NASA Astrophysics Data System}
}

@ARTICLE{hildebrandt/etal:2016,
   author = {{Hildebrandt}, H. and {Viola}, M. and {Heymans}, C. and {Joudaki}, S. and 
	{Kuijken}, K. and {Blake}, C. and {Erben}, T. and {Joachimi}, B. and 
	{Klaes}, D. and {Miller}, L. and {Morrison}, C.~B. and {Nakajima}, R. and 
	{Verdoes Kleijn}, G. and {Amon}, A. and {Choi}, A. and {Covone}, G. and 
	{de Jong}, J.~T.~A. and {Dvornik}, A. and {Fenech Conti}, I. and 
	{Grado}, A. and {Harnois-D{\'e}raps}, J. and {Herbonnet}, R. and 
	{Hoekstra}, H. and {K{\"o}hlinger}, F. and {McFarland}, J. and 
	{Mead}, A. and {Merten}, J. and {Napolitano}, N. and {Peacock}, J.~A. and 
	{Radovich}, M. and {Schneider}, P. and {Simon}, P. and {Valentijn}, E.~A. and 
	{van den Busch}, J.~L. and {van Uitert}, E. and {Van Waerbeke}, L.
	},
    title = "{KiDS-450: Cosmological parameter constraints from tomographic weak gravitational lensing}",
  journal = {ArXiv e-prints},
archivePrefix = "arXiv",
   eprint = {1606.05338},
 keywords = {Astrophysics - Cosmology and Nongalactic Astrophysics},
     year = 2016,
    month = jun,
   adsurl = {http://adsabs.harvard.edu/abs/2016arXiv160605338H},
  adsnote = {Provided by the SAO/NASA Astrophysics Data System}
}

@ARTICLE{planck/cosmo:2015,
   author = {{Planck Collaboration} and {Ade}, P.~A.~R. and {Aghanim}, N. and 
	{Arnaud}, M. and {Ashdown}, M. and {Aumont}, J. and {Baccigalupi}, C. and 
	{Banday}, A.~J. and {Barreiro}, R.~B. and {Bartlett}, J.~G. and et al.},
    title = "{Planck 2015 results. XIII. Cosmological parameters}",
  journal = {\aap},
archivePrefix = "arXiv",
   eprint = {1502.01589},
 keywords = {cosmology: observations, cosmology: theory, cosmic background radiation, cosmological parameters},
     year = 2016,
    month = sep,
   volume = 594,
      eid = {A13},
    pages = {A13},
      doi = {10.1051/0004-6361/201525830},
   adsurl = {http://adsabs.harvard.edu/abs/2016A%26A...594A..13P},
  adsnote = {Provided by the SAO/NASA Astrophysics Data System}
}